<?xml version="1.0" encoding="UTF-8"?>
<collection xmlns:xsi="http://www.w3.org/2001/XMLSchema-instance" xsi:schemaLocation="http://www.loc.gov/MARC21/slim http://www.loc.gov/standards/marcxml/schema/MARC21slim.xsd" xmlns="http://www.loc.gov/MARC21/slim">
<record>
  <leader>01385cam a2200301M  4500</leader>
  <controlfield tag="001">4271902</controlfield>
  <controlfield tag="003">NNC</controlfield>
  <controlfield tag="005">20130428123651.0</controlfield>
  <controlfield tag="008">871021s1970    iq ch    b    000 0 arax </controlfield>
  <datafield tag="010" ind1=" " ind2=" ">
    <subfield code="a">   73298692 </subfield>
  </datafield>
  <datafield tag="020" ind1=" " ind2=" ">
    <subfield code="c">0.4ID</subfield>
  </datafield>
  <datafield tag="035" ind1=" " ind2=" ">
    <subfield code="a">(OCoLC)ocm19939767</subfield>
  </datafield>
  <datafield tag="035" ind1=" " ind2=" ">
    <subfield code="a">(NNC)4271902</subfield>
  </datafield>
  <datafield tag="040" ind1=" " ind2=" ">
    <subfield code="a">DLC</subfield>
    <subfield code="c">PAU</subfield>
    <subfield code="d">ZCU</subfield>
  </datafield>
  <datafield tag="043" ind1=" " ind2=" ">
    <subfield code="a">ff-----</subfield>
    <subfield code="a">aw-----</subfield>
  </datafield>
  <datafield tag="050" ind1="0" ind2=" ">
    <subfield code="a">DS38.2</subfield>
    <subfield code="b">.K39</subfield>
  </datafield>
  <datafield tag="099" ind1=" " ind2=" ">
    <subfield code="a">956</subfield>
    <subfield code="a">Ir32</subfield>
    <subfield code="a">no.18</subfield>
  </datafield>
  <datafield tag="100" ind1="1" ind2=" ">
    <subfield code="a">Kāzarūnī, ʻAlī ibn Muḥammad,</subfield>
    <subfield code="d">1214 or 1215-1297 or 1298.</subfield>
  </datafield>
  <datafield tag="245" ind1="1" ind2="0">
    <subfield code="a">Mukhtaṣar al-tārīkh,</subfield>
    <subfield code="b">min awwal al-zamān ilá muntahá dawlat Banī al-ʻAbbās.</subfield>
    <subfield code="c">Taṣnīf Ẓahīr al-Dīn ʻAlī ibn Muḥammad al-Baghdādī al-maʻrūf bi-Ibn al-Kāzarūnī. Ḥaqqaqahu wa-ʻallaqa ʻalayhi Muṣṭafá Jawād. Waḍaʻa fahārisahu wa-ashrafa ʻalá ṭabʻihi Sālim al-Ālūsī.</subfield>
  </datafield>
  <datafield tag="260" ind1=" " ind2=" ">
    <subfield code="a">[Baghdād]</subfield>
    <subfield code="b">Mudīrīyat al-Thaqāfah al-ʻĀmmah</subfield>
    <subfield code="c">[1970]</subfield>
  </datafield>
  <datafield tag="300" ind1=" " ind2=" ">
    <subfield code="a">4, 435 p.</subfield>
    <subfield code="b">facsims., port.</subfield>
    <subfield code="c">25 cm.</subfield>
  </datafield>
  <datafield tag="490" ind1="1" ind2=" ">
    <subfield code="a">Silsilat Kutub al-turāth ;</subfield>
    <subfield code="v">18</subfield>
  </datafield>
  <datafield tag="500" ind1=" " ind2=" ">
    <subfield code="a">Added t.p.: Mukhtaṣar al-tārīkh min awal al-zaman ila muntaha dawlat Beni al-Abbas, by Dhaheer ed-Deen Ali ibn Muhammad ibn al-Kāzarūnī.</subfield>
  </datafield>
  <datafield tag="504" ind1=" " ind2=" ">
    <subfield code="a">Bibliography: p. 409-418.</subfield>
  </datafield>
  <datafield tag="651" ind1=" " ind2="0">
    <subfield code="a">Islamic Empire</subfield>
    <subfield code="x">History.</subfield>
  </datafield>
  <datafield tag="700" ind1="1" ind2=" ">
    <subfield code="a">Jawād, Muṣṭafá,</subfield>
    <subfield code="d">1905-1969,</subfield>
    <subfield code="e">editor.</subfield>
  </datafield>
  <datafield tag="830" ind1=" " ind2="0">
    <subfield code="a">Silsilat Kutub al-turāth ;</subfield>
    <subfield code="v">18.</subfield>
  </datafield>
  <datafield tag="955" ind1=" " ind2=" ">
    <subfield code="b">0114500000</subfield>
    <subfield code="d">glx</subfield>
    <subfield code="e">956 Ir32 no.18</subfield>
  </datafield>
</record>
</collection>